<?xml version="1.0" encoding="UTF-8"?><record xmlns="http://www.loc.gov/MARC21/slim" xmlns:cinclude="http://apache.org/cocoon/include/1.0" xmlns:zs="http://www.loc.gov/zing/srw/">
  <leader>00487nz  a2200145n  4500</leader>
  <controlfield tag="001">no2010144181</controlfield>
  <controlfield tag="003">DLC</controlfield>
  <controlfield tag="005">20100905074948.0</controlfield>
  <controlfield tag="008">100903n| acannaabn          |n aaa     c</controlfield>
  <datafield tag="010" ind1=" " ind2=" ">
    <subfield code="a">no2010144181</subfield>
  </datafield>
  <datafield tag="035" ind1=" " ind2=" ">
    <subfield code="a">(OCoLC)oca08614157</subfield>
  </datafield>
  <datafield tag="040" ind1=" " ind2=" ">
    <subfield code="a">SaPrUSA</subfield>
    <subfield code="b">eng</subfield>
    <subfield code="c">SaPrUSA</subfield>
  </datafield>
  <datafield tag="100" ind1="1" ind2=" ">
    <subfield code="a">Olson, Thomas O.</subfield>
    <subfield code="q">(Thomas Oscar),</subfield>
    <subfield code="d">1933-</subfield>
  </datafield>
  <datafield tag="670" ind1=" " ind2=" ">
    <subfield code="a">A case for television production, 1977:</subfield>
    <subfield code="b">t.p. (Thomas O. Olson)</subfield>
  </datafield>
  <datafield tag="670" ind1=" " ind2=" ">
    <subfield code="a">OCLC, Sept. 3, 2010</subfield>
    <subfield code="b">(hdg.: Olson, Thomas Oscar, 1933-; usage: Thomas Oscar Olson)</subfield>
  </datafield>
</record>